@article{Cote2021,
author = {Raphaël Côté and Mohamed Azzouni and Oussema Ghanmi and Sarthak Kapoor and Vincent Demers},
title = {Impact of rheological model on numerical simulation of low-pressure powder injection moulding},
journal = {Powder Metallurgy},
volume = {64},
number = {1},
pages = {8-16},
year  = {2021},
publisher = {Taylor & Francis},
% URL = { 
%         https://doi.org/10.1080/00325899.2020.1852492
%     },
}
