@inproceedings{kapoor2022surrogate,
title={\href{https://openreview.net/forum?id=wdKIMZ0qLYu}{Surrogate modeling of stress fields in periodic polycrystalline microstructures using {U-Net} and {Fourier} neural operators}},
author={Sarthak \textbf{Kapoor} and Jaber Rezaei Mianroodi and Bob Svendsen and Mohammad Khorrami and Nima Siboni},
booktitle={NeurIPS 2022 AI for Science: Progress and Promises},
year={2022},
url={https://openreview.net/forum?id=wdKIMZ0qLYu}
}
@inproceedings{mlss2022,
title=  {\href{https://ka-sarthak.github.io/assets/documents/MLSS\%20poster.pdf}{Correlative modeling of microstructure and stress in solid mechanics using Machine Learning}},
author={Sarthak \textbf{Kapoor} and Jaber Rezaei Mianroodi and Bob Svendsen},
booktitle={MLSS 2022 Poster Session, Jagiellonian University, Poland},
year={2022},
url={https://ka-sarthak.github.io/assets/documents/MLSS%20poster.pdf}
}
@article{cote2021,
author = {Raphaël Côté and Mohamed Azzouni and Oussema Ghanmi and Sarthak \textbf{Kapoor} and Vincent Demers},
title = {\href{https://doi.org/10.1080/00325899.2020.1852492}{Impact of rheological model on numerical simulation of low-pressure powder injection moulding}},
journal = {Powder Metallurgy},
volume = {64},
number = {1},
pages = {8-16},
year  = {2021},
publisher = {Taylor & Francis},
URL = { 
        https://doi.org/10.1080/00325899.2020.1852492
    },
}
